@INPROCEEDINGS{CUDAscalable, 
author={D. Luebke}, 
booktitle={2008 5th IEEE International Symposium on Biomedical Imaging: From Nano to Macro}, 
title={CUDA: Scalable parallel programming for high-performance scientific computing}, 
year={2008}, 
pages={836-838},  
month={May},}
@techreport{tegra,
	author = {NVIDIA},
	title = {NVIDIA® Tegra® X1 NVIDIA’S New Mobile Superchip},
	institution = {NVIDIA Corporation},
	year = {2015},
	pages = {16},
	type = {Report}
}
@misc{rcar,
	author = {Renesas},
	title = {Rcar-H3 SiP},
	howpublished = {Available at \url{https://www.renesas.com/en-in/solutions/automotive/ products/rcar-h3.html} (20016/12/12)}
}
@misc{biglittle ,
	author = {ARM},
	title =  {big.LITTLE Technology},
	howpublished = {Available at \url{https://www.arm.com/products/processors/
	technologies/biglittleprocessing.php} (20016/12/13)}
}

@inproceedings{hpc,
	title={High performance computing in image processing and computer vision},
	author={Webb, John A},
	booktitle={Pattern Recognition, 1994. Vol. 3-Conference C: International Conference on Signal Processing, Proceedings of the 12th IAPR},
	pages={218--222},
	year={1994},
	organization={IEEE}
}

@INPROCEEDINGS{max, 
	author={L. Ligowski and W. Rudnicki}, 
	booktitle={2009 IEEE International Symposium on Parallel Distributed Processing}, 
	title={An efficient implementation of Smith Waterman algorithm on GPU using CUDA, for massively parallel scanning of sequence databases}, 
	year={2009}, 
	pages={1-8}, 
	month={May},}
@Inbook{ProfessionalCUDA,
	title={Professional CUDA C Programming},
	author={Cheng, J. and Grossman, M. and McKercher, T.},
	year={2014},
	pages = {1-48},
	publisher={Wiley}
}
@misc{alantatourian,
	author = {Alan-tatourian},
	title =  {NVIDIA GPU architecture and CUDA programming environment},
	howpublished = {Available at \url{https://tatourian.blog/2013/09/03/nvidia-gpu-architecture-cuda-programming-environment/} (20016/08/20)}
}
@misc{amd,
	author = {AMD},
	title =  {Heterogeneous computing},
	howpublished = {Available at \url{http://developer.amd.com/resources/ heterogeneous-computing/what-is-heterogeneous-computing} (20016/08/15)}
}
@techreport{hwmodel,
	author = {NVIDIA},
	title = { PTX Machine Model-CUDA Toolkit Documentation},
	institution = {NVIDIA Corporation},
	year = { 2016},
	type = {Report}
}
@techreport{apod,
	author = {NVIDIA Corp.},
	title = {Assess,Parallelize,Optimize,Deploy-CUDA Toolkit Documentation},
	institution = {NVIDIA Corporation},
	year = { 2016},
	type = {Report}
}
@ARTICLE{ACE,
	author={C. M. Tsai and Z. M. Yeh},
	journal={IEEE Transactions on Consumer Electronics},
	title={Contrast enhancement by automatic and parameter-free piecewise linear transformation for color images},
	year={2008},
	volume={54},
	number={2},
	pages={213-219},
	month={May},}

@misc{convolution ,
	author = {Apple Corp},
	title = {Convolution},
	howpublished = {Available at \url{https://developer.apple.com/library/content/ documentation/Performance/Conceptual/vImage/Art/} (20016/08/17)}
}
@article{BlurredImageRestoration,
title = "Blurred image restoration: A fast method of finding the motion length and angle",
journal = "Digital Signal Processing",
volume = "20",
number = "6",
pages = "1677 - 1686",
year = "2010",
author = "Michal Dobeš and Libor Machala and Tomáš Fürst",
}
@article{motionBlurEstimation,
	title={Review of motion blur estimation techniques},
	author={Tiwari, Shamik and Shukla, VP and Singh, AK and Biradar, SR},
	journal={Journal of Image and Graphics},
	volume={1},
	number={4},
	pages={176--184},
	year={2013}
}
@article{fogRemoval,
	title={Single image fog removal using anisotropic diffusion},
	author={Tripathi, AK and Mukhopadhyay, S},
	journal={IET Image processing},
	volume={6},
	number={7},
	pages={966--975},
	year={2012},
	publisher={IET}
}

@INPROCEEDINGS{dehaze,
	author={Y. Y. Schechner and S. G. Narasimhan and S. K. Nayar},
	booktitle={Proceedings of the 2001 IEEE Computer Society Conference on Computer Vision and Pattern Recognition. CVPR 2001},
	title={Instant dehazing of images using polarization},
	year={2001},
	volume={1},
	pages={325-332},
	month={},}

@INPROCEEDINGS{fastvis,
	author={J. P. Tarel and N. Hautière},
	booktitle={2009 IEEE 12th International Conference on Computer Vision},
	title={Fast visibility restoration from a single color or gray level image},
	year={2009},
	pages={2201-2208},
	month={Sept},}
@INPROCEEDINGS{ChrFramework,
	author={S. G. Narasimhan and S. K. Nayar},
	booktitle={Proceedings IEEE Conference on Computer Vision and Pattern Recognition. CVPR 2000 (Cat. No.PR00662)},
	title={Chromatic framework for vision in bad weather},
	year={2000},
	volume={1},
	pages={598-605 vol.1},
	month={},}


@article{anisotropic,
	title={Scale-space and edge detection using anisotropic diffusion},
	author={Perona, Pietro and Malik, Jitendra},
	journal={IEEE Transactions on pattern analysis and machine intelligence},
	volume={12},
	number={7},
	pages={629--639},
	year={1990},
	publisher={IEEE}
}
@article{hazeremo,
	title={Single image haze removal using dark channel prior},
	author={He, Kaiming and Sun, Jian and Tang, Xiaoou},
	journal={IEEE transactions on pattern analysis and machine intelligence},
	volume={33},
	number={12},
	pages={2341--2353},
	year={2011},
	publisher={IEEE}
}